@inproceedings{bird2004nltk,
  title={NLTK: the natural language toolkit},
  author={Bird, Steven and Loper, Edward},
  booktitle={Proceedings of the ACL 2004 on Interactive poster and demonstration sessions},
  pages={31},
  year={2004},
  organization={Association for Computational Linguistics}
}
@article{hosmer2000applied,
  title={Applied Logistic Regression., 2nd edn.(Wiley: New York.)},
  author={Hosmer, DW and Lemeshow, S},
  journal={NY, USA},
  year={2000}
}
@book{vapnik2013nature,
  title={The nature of statistical learning theory},
  author={Vapnik, Vladimir},
  year={2013},
  publisher={Springer science \& business media}
}
@inproceedings{wang2006optimal,
  title={An optimal SVM-based text classification algorithm},
  author={Wang, Zi-Qiang and Sun, Xia and Zhang, De-Xian and Li, Xin},
  booktitle={Machine Learning and Cybernetics, 2006 International Conference on},
  pages={1378--1381},
  year={2006},
  organization={IEEE}
}
@article{liaw2002classification,
  title={Classification and regression by randomForest},
  author={Liaw, Andy and Wiener, Matthew and others},
  journal={R news},
  volume={2},
  number={3},
  pages={18--22},
  year={2002}
}


@article{huang2014improving,
  title={Improving restaurants by extracting subtopics from yelp reviews},
  author={Huang, James and Rogers, Stephanie and Joo, Eunkwang},
  journal={iConference 2014 (Social Media Expo)},
  year={2014},
  publisher={iSchools}
}


@book{myers1998mbti,
  title={MBTI manual: A guide to the development and use of the Myers-Briggs Type Indicator},
  author={Myers, Isabel Briggs and McCaulley, Mary H and Quenk, Naomi L and Hammer, Allen L},
  volume={3},
  year={1998},
  publisher={Consulting Psychologists Press Palo Alto, CA}
}



@article{cohen2013mbti,
  title={MBTI personality types of project managers and their success: A field survey},
  author={Cohen, Yuval and Ornoy, Hana and Keren, Baruch},
  journal={Project Management Journal},
  volume={44},
  number={3},
  pages={78--87},
  year={2013},
  publisher={SAGE Publications Sage CA: Los Angeles, CA}
}


@article{furnham1993personality,
  title={Personality and occupational behavior: Myers-Briggs type indicator correlates of managerial practices in two cultures},
  author={Furnham, Adrian and Stringfield, Paul},
  journal={Human Relations},
  volume={46},
  number={7},
  pages={827--848},
  year={1993},
  publisher={Sage Publications Sage CA: Thousand Oaks, CA}
}



@article{levy1972personality,
  title={Personality types among Negro college students},
  author={Levy, Nissim and Murphy Jr, Clennie and Carlson, Rae},
  journal={Educational and Psychological Measurement},
  volume={32},
  number={3},
  pages={641--653},
  year={1972},
  publisher={Sage Publications Sage CA: Thousand Oaks, CA}
}



@article{kingma2014adam,
  title={Adam: A method for stochastic optimization},
  author={Kingma, Diederik P and Ba, Jimmy},
  journal={arXiv preprint arXiv:1412.6980},
  year={2014}
}


@article{srivastava2014dropout,
  title={Dropout: a simple way to prevent neural networks from overfitting},
  author={Srivastava, Nitish and Hinton, Geoffrey and Krizhevsky, Alex and Sutskever, Ilya and Salakhutdinov, Ruslan},
  journal={The Journal of Machine Learning Research},
  volume={15},
  number={1},
  pages={1929--1958},
  year={2014},
  publisher={JMLR. org}
} 


@article{lippmann1987introduction,
  title={An introduction to computing with neural nets},
  author={Lippmann, Richard},
  journal={IEEE Assp magazine},
  volume={4},
  number={2},
  pages={4--22},
  year={1987},
  publisher={IEEE}
}

@article{breiman2001random,
  title={Random forests},
  author={Breiman, Leo},
  journal={Machine learning},
  volume={45},
  number={1},
  pages={5--32},
  year={2001},
  publisher={Springer}
}\\


@article{fan2014predicting,
  title={Predicting a business star in yelp from its reviews text alone},
  author={Fan, Mingming and Khademi, Maryam},
  journal={arXiv preprint arXiv:1401.0864},
  year={2014}
}

@misc{challenge2013yelp,
  title={Yelp dataset challenge},
  author={Challenge, Yelp Dataset},
  year={2013},
  publisher={Online] Yelp Inc}
}

@misc{mbti_data,
  title={MBti-type - PersonalityCafe Dataset},
  author={PersonalityCafe},
  year={2016},
  publisher={Online] Kaggle}
}


@article{sparks2011impact,
  title={The impact of online reviews on hotel booking intentions and perception of trust},
  author={Sparks, Beverley A and Browning, Victoria},
  journal={Tourism management},
  volume={32},
  number={6},
  pages={1310--1323},
  year={2011},
  publisher={Elsevier}
}

@article{mudambi2010research,
  title={Research note: What makes a helpful online review? A study of customer reviews on Amazon. com},
  author={Mudambi, Susan M and Schuff, David},
  journal={MIS quarterly},
  pages={185--200},
  year={2010},
  publisher={JSTOR}
}

@article{baumgartner2002toward,
  title={Toward a personology of the consumer},
  author={Baumgartner, Hans},
  journal={Journal of consumer research},
  volume={29},
  number={2},
  pages={286--292},
  year={2002},
  publisher={The University of Chicago Press}
}


@article{bosnjak2007personality,
  title={Personality determinants of online shopping: Explaining online purchase intentions using a hierarchical approach},
  author={Bosnjak, Michael and Galesic, Mirta and Tuten, Tracy},
  journal={Journal of Business Research},
  volume={60},
  number={6},
  pages={597--605},
  year={2007},
  publisher={Elsevier}
}


@inproceedings{lai2015recurrent,
  title={Recurrent Convolutional Neural Networks for Text Classification.},
  author={Lai, Siwei and Xu, Liheng and Liu, Kang and Zhao, Jun},
  booktitle={AAAI},
  volume={333},
  pages={2267--2273},
  year={2015}
}
@article{elman1990finding,
  author = {Elman, Jeffrey L.},
  year = {1990},
  title = {Finding Structure in Time},
  journal = {Cognitive Science},
  publisher = {Wiley Online Library},
  issn = {1551-6709},
  doi = {10.1207/s15516709cog1402_1},
  volume = {14},
  month = {3},
  pages = {179--211},
  number = {2},
  url = {https://doi.org/10.1207/s15516709cog1402_1}
}
@book{geron2017hands,
  title={Hands-on machine learning with Scikit-Learn and TensorFlow: concepts, tools, and techniques to build intelligent systems},
  author={G{\'e}ron, Aur{\'e}lien},
  year={2017},
  publisher={" O'Reilly Media, Inc."}
}

@inproceedings{joachims1998text,
  title={Text categorization with support vector machines: Learning with many relevant features},
  author={Joachims, Thorsten},
  booktitle={European conference on machine learning},
  pages={137--142},
  year={1998},
  organization={Springer}
}

@article{boyle1995myers,
  title={Myers-Briggs Type Indicator (MBTI): Some Psychometric Limitations},
  author={Boyle, Gregory J},
  journal={Australian Psychologist},
  volume={30},
  number={1},
  pages={71--74},
  year={1995},
  publisher={Wiley Online Library}
}

@article{mccaulley1990myers,
  title={The Myers-Briggs Type Indicator: A measure for individuals and groups},
  author={McCaulley, Mary H},
  journal={Measurement and evaluation in counseling and development},
  volume={22},
  number={4},
  pages={181--195},
  year={1990},
  publisher={Taylor \& Francis}
}

@incollection{lecun2012efficient,
  title={Efficient backprop},
  author={LeCun, Yann A and Bottou, L{\'e}on and Orr, Genevieve B and M{\"u}ller, Klaus-Robert},
  booktitle={Neural networks: Tricks of the trade},
  pages={9--48},
  year={2012},
  publisher={Springer}
}

@inproceedings{mairesse2006automatic,
  title={Automatic recognition of personality in conversation},
  author={Mairesse, Fran{\c{c}}ois and Walker, Marilyn},
  booktitle={Proceedings of the Human Language Technology Conference of the NAACL, Companion Volume: Short Papers},
  pages={85--88},
  year={2006},
  organization={Association for Computational Linguistics}
}

@article{gosling2003very,
  title={A very brief measure of the Big-Five personality domains},
  author={Gosling, Samuel D and Rentfrow, Peter J and Swann Jr, William B},
  journal={Journal of Research in personality},
  volume={37},
  number={6},
  pages={504--528},
  year={2003},
  publisher={Elsevier}
}

@inproceedings{huang2007correcting,
  title={Correcting sample selection bias by unlabeled data},
  author={Huang, Jiayuan and Gretton, Arthur and Borgwardt, Karsten M and Sch{\"o}lkopf, Bernhard and Smola, Alex J},
  booktitle={Advances in neural information processing systems},
  pages={601--608},
  year={2007}
}

@inproceedings{yang1997comparative,
  title={A comparative study on feature selection in text categorization},
  author={Yang, Yiming and Pedersen, Jan O},
  booktitle={Icml},
  volume={97},
  pages={412--420},
  year={1997}
}